% Encoding: windows-1252

@InProceedings{saidi:2016,
  author    = {Saidi, S. E. and Pernet, N. and Sorel, Y. and Ben Khaled, A.},
  title     = {Acceleration of FMU co-simulation on multi-core architectures},
  booktitle = {Proceedings of the First Japanese Modelica Conference},
  year      = {2016},
  address   = {Tokyo, Japan},
  month     = {May},
  owner     = {saidis},
  timestamp = {2016.03.21},
}

@Article{sirin:2015,
  author    = {Sirin, G. and Paredis, C. J. J. and Yannou, B. and Coatan{\'e}a, E. and Landel, E.},
  title     = {A model identity card to support simulation model development process in a collaborative multidisciplinary design environment},
  journal   = {IEEE Systems Journal},
  year      = {2015},
  volume    = {9},
  number    = {4},
  pages     = {1151--1162},
  publisher = {IEEE},
}

@InProceedings{galtie:2015,
  author       = {Galtier, V. and Vialle, S. and Dad, C. and Tavella, J.-P. and Lam-Yee-Mui, J.-P. and Plessis, G.},
  title        = {FMI-based distributed multi-simulation with DACCOSIM},
  booktitle    = {Proceedings of the Symposium on Theory of Modeling \& Simulation: DEVS Integrative M\&S Symposium},
  year         = {2015},
  pages        = {39--46},
  organization = {Society for Computer Simulation International},
}

@Article{benkhaled:2014,
  author   = {Ben Khaled, A. and Ben Gaid, M. and Pernet, N. and Simon, D.},
  title    = {Fast multi-core co-simulation of cyber-physical systems: application to internal combustion engines},
  journal  = {Simulation Modelling Practice and Theory},
  year     = {2014},
  volume   = {47},
  pages    = {79--91},
  issn     = {1569-190X},
  doi      = {http://dx.doi.org/10.1016/j.simpat.2014.05.002},
  keywords = {Hybrid dynamical system},
}

@InProceedings{elmqvist:2014,
  author    = {Elmqvist, H. and Mattsson, S.E. and Olsson, H.},
  title     = {Parallel model execution on many cores},
  booktitle = {Proceedings of the 10th International Modelica Conference},
  year      = {2014},
  address   = {Lund, Sweden},
}

@InProceedings{gebremedhin:2012,
  author    = {Gebremedhin, M. and Hemmati Moghadam, A. and Fritzson, F. and Stavaker, K.},
  title     = {A data-parallel algorithmic modelica extension for efficient execution on multi-core platforms},
  booktitle = {Proceddings of the 9th International Modelica Conference},
  year      = {2012},
  address   = {Munich, Germany},
}

@InProceedings{blochwitz:2012,
  author       = {Blochwitz, T. and Otter, M. and Akesson, J. and Arnold, M. and Clauss, C. and Elmqvist, H. and Friedrich, M. and Junghanns, A. and Mauss, J. and Neumerkel, D. and others},
  title        = {Functional mockup interface 2.0: the standard for tool independent exchange of simulation models},
  booktitle    = {Proceedings of the 9th International Modelica Conference},
  year         = {2012},
  number       = {076},
  pages        = {173--184},
  address      = {Munich, Germany},
  month        = {September},
  organization = {Link{\"o}ping University Electronic Press},
}

@Article{al-anzi:2006,
  author  = {Al-Anzi, F. S. and Sotskov, Y. N. and Allahverdi, A. and Andreev, G.},
  title   = {Using mixed graph coloring to minimize total completion time in job shop scheduling},
  journal = {Applied Mathematics and Computation},
  year    = {2006},
  volume  = {182},
  number  = {2},
  pages   = {1137--1148},
}

@Article{sotskov:2002,
  author  = {Sotskov, Y. N. and Tanaev, V. S. and Werner, F.},
  title   = {Scheduling problems and mixed graph colorings},
  journal = {Optimization},
  year    = {2002},
  volume  = {51},
  number  = {3},
  pages   = {597--624},
}

@InProceedings{andreev:2000,
  author    = {Andreev, G. V. and Sotskov, Y.i N. and Werner, F.},
  title     = {Branch and bound method for mixed graph coloring and scheduling},
  booktitle = {Proceedings of the 16th International Conference on CAD/CAM, Robotics and Factories of the Future, CARS and FOF},
  year      = {2000},
  pages     = {1--8},
}

@InProceedings{grandpierre:1999,
  author    = {Grandpierre, T. and Lavarenne, C. and Sorel, Y.},
  title     = {Optimized rapid prototyping for real-time embedded heterogeneous multiprocessors},
  booktitle = {Proceedings of the 7th International Workshop on Hardware/Software Co-Design, CODES'99},
  year      = {1999},
  address   = {Rome, Italy},
  month     = may,
  abs       = {heuristique heterogene, routage parallele et diffusant},
  optnote   = {http://www.cs.ucr.edu/~codes99, % sponsors={ACM SIGDA and SIGSOFT, IEEE Computer Society},},
}

@Article{ramamritham:1995,
  author  = {Ramamritham, K.},
  title   = {Allocation and scheduling of precedence-related periodic tasks},
  journal = {IEEE Transactions on Parallel and Distributed Systems},
  year    = {1995},
  volume  = {6},
  number  = {4},
  pages   = {412--420},
  month   = {04},
}

@PhdThesis{sicklinger:2014,
  author = {Stefan A. S.},
  title  = {Stabilized co-simulation of coupled problems including fields and signals},
  school = {Technische Universit\"{a}t M\"{u}nchen},
  year   = {2014},
}

@Article{openmp,
  author    = {OpenMP},
  title     = {{OpenMP application programming interface}},
  year      = {2015},
  month     = {11},
  note      = {Available at www.openmp.org, version 4.5, November, 2015},
  owner     = {saidis},
  timestamp = {2016.02.29},
}

@Electronic{mpi,
  author    = {{MPI}},
  month     = {06},
  year      = {2015},
  title     = {{MPI: A Message-Passing Interface Standard}},
  note      = {Available at www.mpi-forum.org, version 3.1},
  url       = {http://www.mpi-forum.org/},
  owner     = {saidis},
  timestamp = {2016.02.29},
}

@PhdThesis{benkhaled:2014_thesis,
  author    = {Ben Khaled, A.},
  title     = {Distributed real-time simulation of numerical models: application to powertrain},
  school    = {Universit\'{e} de Grenoble},
  year      = {2014},
  address   = {France},
  month     = {05},
  owner     = {saidis},
  timestamp = {2016.03.04},
}

@Standard{fmi:2014,
  title     = {Functional mock-up interface for model exchange and co-Simulation},
  author    = {{FMI development group}},
  revision  = {2.0},
  month     = {07},
  year      = {2014},
  owner     = {saidis},
  timestamp = {2016.03.04},
}

@Conference{clauberg:2012,
  author    = {Clauberg, J. and Ulbrich, H.},
  title     = {An adaptive internal parallelization method for multibody simulations},
  booktitle = {12th Pan-American Congress of Applied Mechanics},
  year      = {2012},
  owner     = {saidis},
  timestamp = {2016.03.01},
}

@InProceedings{Benkhaled_A_2012_ECOSM,
  author    = {Ben Khaled, A. and Ben Ga{\"\i}d, M. and Simon, D. and Font, G.},
  title     = {Multicore simulation of powertrains using weakly synchronized model partitioning},
  booktitle = {IFAC Workshop on Engine and Powertrain Control Simulation and Modeling ECOSM},
  year      = {2012},
  pages     = {448--455},
  address   = {Rueil-Malmaison, France},
  doi       = {10.3182/20121023-3-FR-4025.00018},
}

@Conference{braun:2012,
  author    = {Braun, R. and Krus, P.},
  title     = {Multi-threaded real-time simulations of fluid power systems using transmission line elements},
  booktitle = {8th International Fluid Power Conference},
  year      = {2012},
  address   = {Dresden, Germany},
  owner     = {saidis},
  timestamp = {2016.03.01},
}

@Article{davis:2011,
  author    = {Davis, R. I. and Burns, A.},
  title     = {A survey of hard real-time scheduling for multiprocessor systems},
  journal   = {ACM Computing Surveys},
  year      = {2011},
  volume    = {43},
  number    = {4},
  month     = {10},
  owner     = {saidis},
  timestamp = {2016.02.29},
}

@InProceedings{benjelloun:2011,
  author    = {Benjelloun-Touimi, Z. and Ben Ga{\"\i}d, M. and Bohbot, J. and Dutoya, A. and Hadj-Amor, H. and Moulin, P. and Saafi, H. and Pernet, N.},
  title     = {From physical modeling to real-time simulation: feedback on the use of modelica in the engine control development toolchain},
  booktitle = {8th International Modelica Conference},
  year      = {2011},
  address   = {Dresden, Germany},
  month     = {3},
  publisher = {Link{\"o}ping Univ. Electronic Press},
}

@PhdThesis{faure:2011,
  author    = {Faure, C.},
  title     = {Real-time simulation of physical models toward hardware-in-the-loop validation},
  school    = {Universit\'{e} Paris-Est},
  year      = {2011},
  address   = {France},
  month     = {10},
  owner     = {saidis},
  timestamp = {2016.03.02},
}

@InProceedings{fmi:modelica2011,
  author    = {Blochwitz, T. and Neidhold, T. and Otter, M. and Arnold, M. and Bausch, C. and Monteiro, M. and Clau\ss, C. and Wolf, S. and Elmqvist, H. and Olsson, H. and Junghanns, A. and Mauss, J. and Neumerkel, D. and Peetz, J.-V.},
  title     = {{The Functional Mockup Interface} for Tool independent Exchange of Simulation Models},
  booktitle = {8th International Modelica Conference},
  year      = {2011},
  address   = {Dresden, Germany},
  month     = {Mar},
  publisher = {Link{\"o}ping Univ. Electronic Press},
  doi       = {10.3384/ecp11063105},
  isbn      = {978-91-7393-096-3},
}

@Article{omara:2010,
  author    = {Omara, F. A. and Arafa, M. M.},
  title     = {Genetic algorithms for task scheduling problem},
  journal   = {Journal of Parallel and Distributed Computing},
  year      = {2010},
  volume    = {70},
  number    = {1},
  pages     = {13--22},
  month     = {01},
  owner     = {saidis},
  timestamp = {2016.02.29},
}

@Conference{sjolund:2010,
  author    = {Sj{\"o}lund, M. and Braun, R. and Fritzson, P. and Krus, P.},
  title     = {Towards efficient distributed simulation in Modelica using transmission line modeling},
  booktitle = {3rd International Workshop on Equation- Based Object-Oriented Languages and Tools EOOLT},
  year      = {2010},
  pages     = {71--80},
  address   = {Oslo, Norway},
  publisher = {Linköping Univ. Electronic Press},
  owner     = {saidis},
  timestamp = {2016.03.01},
}

@Article{wu:2004,
  author    = {Wu, A. S. and Yu, H. and Jin, S. and Lin, K.-C. and Schiavone, G.},
  title     = {An incremental genetic algorithm approach to multiprocessor scheduling},
  journal   = {IEEE Transactions on Parallel and Distributed Systems},
  year      = {2004},
  volume    = {15},
  number    = {9},
  pages     = {824--834},
  month     = {09},
  owner     = {saidis},
  timestamp = {2016.02.29},
}

@Book{leung:2004,
  title     = {Handbook of scheduling: algorithms, models, and performance analysis},
  publisher = {Chapman\&Hall/CRC},
  year      = {2004},
  editor    = {Leung, J. Y.-T.},
  address   = {Boca Raton, FL, USA},
  owner     = {saidis},
  timestamp = {2016.02.29},
}

@Article{byrne:1999,
  author    = {Byrne, G. D. and Hindmarsh, A. C.},
  title     = {PVODE, an ODE solver for parallel computers},
  journal   = {International Journal of High Performance Computing Applications},
  year      = {1999},
  volume    = {13},
  number    = {4},
  pages     = {254--365},
  owner     = {saidis},
  timestamp = {2016.03.01},
}

@Article{hou:1994,
  author    = {Hou, E. S. H. and Ansari, N. and Ren, H.},
  title     = {A genetic algorithm for multiprocessor scheduling},
  journal   = {IEEE Transactions on Parallel and Distributed Systems},
  year      = {1994},
  volume    = {5},
  number    = {2},
  pages     = {113--120},
  month     = {08},
  owner     = {saidis},
  timestamp = {2016.02.29},
}

@Article{yang:1994,
  author    = {Yang, T. And Gerasoulis, A.},
  title     = {DSC: scheduling parallel tasks on an unbounded number of processors},
  journal   = {IEEE Transactions on Parallel and Distributed Systems},
  year      = {1994},
  volume    = {5},
  number    = {9},
  pages     = {951--967},
  month     = {09},
  owner     = {saidis},
  timestamp = {2016.02.29},
}

@Article{sih:1993,
  author    = {Sih, G. C. and Lee, E. A.},
  title     = {A compile-time scheduling heuristic for interconnection-constrained heterogeneous processor architectures},
  journal   = {IEEE Transactions on Parallel and Distributed Systems},
  year      = {1993},
  volume    = {4},
  number    = {2},
  pages     = {75--87},
  month     = {02},
  owner     = {saidis},
  timestamp = {2016.02.29},
}

@Article{shirazi:1990,
  author    = {Shirazi, B. and Wang, M. and Pathak, G.},
  title     = {Analysis and evaluation of heuristic methods for static task scheduling.},
  journal   = {Journal of Parallel and Distributed Computing},
  year      = {1990},
  volume    = {10},
  number    = {3},
  pages     = {222--232},
  month     = {11},
  owner     = {saidis},
  timestamp = {2016.02.29},
}

@Article{wu:1990,
  author    = {Wu, M.-Y and Gajski, D. D.},
  title     = {Hypertool: A programming aid for message-passing systems.},
  journal   = {IEEE Transactions on Parallel and Distributed Systems},
  year      = {1990},
  volume    = {1},
  number    = {3},
  pages     = {330--343},
  month     = {07},
  owner     = {saidis},
  timestamp = {2016.02.29},
}

@Article{hui:1990,
  author    = {Hui, S. Y. R. and Christopoulos, C.},
  title     = {Numerical simulation of power circuits using transmission-line modelling},
  journal   = {IEE Proceedings A (Physical Science, Measurement and Instrumentation, Management and Education)},
  year      = {1990},
  volume    = {137},
  number    = {6},
  pages     = {379384},
  month     = {11},
  owner     = {saidis},
  timestamp = {2016.03.01},
}

@Article{iserles:1990,
  author    = {Iserles, A. and N{\o}rsett, S. P.},
  title     = {On the theory of parallel runge-kutta methods},
  journal   = {IMA Journal of Numerical Analysis},
  year      = {1990},
  volume    = {10},
  number    = {4},
  pages     = {463--488},
  owner     = {saidis},
  timestamp = {2016.03.01},
}

@Article{hwang:1989,
  author    = {Hwang, J.-J. and Chow, Y.-C. and Anger, F. D. and Lee, C.-Y.},
  title     = {Scheduling precedence graphs in systems with interprocessor communication times},
  journal   = {SIAM Journal on Computing},
  year      = {1989},
  volume    = {18},
  number    = {2},
  pages     = {244--257},
  month     = {04},
  owner     = {saidis},
  timestamp = {2016.02.29},
}

@TechReport{kruatrachue:1987,
  author      = {Kruatrachue, B. and Lewis, T. G.},
  title       = {Duplication scheduling heuristics (DSH): a new precedence task scheduler for parallel processor systems.},
  institution = {Oregon State University},
  year        = {1987},
  owner       = {saidis},
  timestamp   = {2016.02.29},
}

@Book{fishburn:1985,
  title     = {Interval orders and interval graphs: a study of partially ordered sets},
  publisher = {John Wiley and Sons, Inc.},
  year      = {1985},
  author    = {Fishburn, P. C.},
  address   = {New York, NY.},
  owner     = {saidis},
  timestamp = {2016.02.29},
}

@Article{kasahara:1984,
  author    = {Kasahara, H. and Narita, S.},
  title     = {Practical multiprocessor scheduling algorithms for efficient parallel processing},
  journal   = {IEEE Transactions on Computers},
  year      = {1984},
  volume    = {C-33},
  number    = {11},
  pages     = {1023--1029},
  month     = {11},
  owner     = {saidis},
  timestamp = {2016.02.29},
}

@Article{papadimitriou:1979,
  author    = {Papadimitriou, C. H. And Yannakakis, M.},
  title     = {Scheduling interval-ordered tasks},
  journal   = {SIAM Journal on Computing},
  year      = {1979},
  volume    = {8},
  number    = {3},
  pages     = {405--409},
  owner     = {saidis},
  timestamp = {2016.02.29},
}

@Article{adam:1974,
  author    = {Adam, T. L. and Chandy, K. M. and Dickson, J. R.},
  title     = {A comparison of list scheduling for parallel processing systems},
  journal   = {Communications of the ACM},
  year      = {1974},
  volume    = {17},
  number    = {12},
  pages     = {685--690},
  month     = {12},
  owner     = {saidis},
  timestamp = {2016.02.29},
}

@Article{coffman:1972,
  author    = {Coffman, Jr., E. G. and Graham, R. L.},
  title     = {Optimal scheduling for two-processor systems},
  journal   = {Acta Informatica},
  year      = {1972},
  volume    = {1},
  pages     = {200--213},
  owner     = {saidis},
  timestamp = {2016.02.29},
}

@Conference{amdahl:1967,
  author    = {Amdahl, G. M.},
  title     = {Validity of the single processor approach to achieving large scale computing capabilities},
  booktitle = {AFIPS '67 (Spring) Proceedings of the April 18-20, 1967, spring joint computer conference},
  year      = {1967},
  month     = {4},
  owner     = {saidis},
  timestamp = {2016.02.29},
}

@Article{moore:1965,
  author    = {Moore, G. E.},
  title     = {Cramming more components onto integrated circuits},
  journal   = {Electronics},
  year      = {1965},
  volume    = {38},
  number    = {8},
  pages     = {114--117},
  month     = {4},
  owner     = {saidis},
  timestamp = {2016.02.29},
}

@Article{hu:1961,
  author    = {Hu, T. C.},
  title     = {Parallel sequencing and assembly line Problems},
  journal   = {Operations Research},
  year      = {1961},
  volume    = {9},
  pages     = {841--848},
  owner     = {saidis},
  timestamp = {2016.02.29},
}

@PhdThesis{kermia:2009,
  author  = {Kermia, O.},
  title   = {Ordonnancement temps r\'eel multiprocesseur de t\^aches non pr\'eemptives avec contraintes de pr\'ec\'edence, de p\'eriodicit\'e stricte et de latence},
  school  = {Universit\'e de Paris Sud},
  year    = {2009},
  address = {Sp\'ecialit\'e Physique},
}

@InProceedings{elmqvist:2015,
  author    = {Elmqvist, H. and Olsson, H. and Goteman, A. and Roxling, V. and Zimmer, D. and Pollok, A.},
  title     = {Automatic GPU code generation of modelica functions},
  booktitle = {11th International modelica conference},
  year      = {2015},
  address   = {Versailles, France},
}

@Article{gallai:1968,
  author    = {Gallai, T.},
  title     = {On directed paths and circuits},
  journal   = {Theory of Graphs},
  year      = {1968},
  pages     = {115--118},
  publisher = {Academic Press New York},
}

@Article{roy:1967,
  author    = {Roy, B.},
  title     = {Nombre chromatique et plus longs chemins d'un graphe},
  journal   = {Revue fran{\c{c}}aise d'informatique et de recherche op{\'e}rationnelle},
  year      = {1967},
  volume    = {1},
  number    = {5},
  pages     = {129--132},
  publisher = {EDP Sciences},
}

@Article{vitaver:1962,
  author  = {Vitaver, L. M.},
  title   = {Determination of minimal coloring of vertices of a graph by means of Boolean powers of the incidence matrix},
  journal = {Doklady Akademii Nauk SSSR},
  year    = {1962},
  volume  = {147},
  pages   = {758--759},
}

@Article{hasse:1966,
  author    = {Hasse, M. and Reichel, H.},
  title     = {Zur algebraischen Begr{\"u}ndung der Graphentheorie. III},
  journal   = {Mathematische Nachrichten},
  year      = {1966},
  volume    = {31},
  number    = {5-6},
  pages     = {335--345},
  publisher = {Wiley Online Library},
}

@Article{ries:2007,
  author    = {Ries, B.},
  title     = {Coloring some classes of mixed graphs},
  journal   = {Discrete Applied Mathematics},
  year      = {2007},
  volume    = {155},
  number    = {1},
  pages     = {1--6},
  publisher = {Elsevier},
}

@Article{farhat:2003,
  author    = {Farhat, C. and Chandesris, M.},
  title     = {Time-decomposed parallel time-integrators: theory and feasibility studies for fluid, structure, and fluid--structure applications},
  journal   = {International Journal for Numerical Methods in Engineering},
  year      = {2003},
  volume    = {58},
  number    = {9},
  pages     = {1397--1434},
  publisher = {Wiley Online Library},
}

@Article{lions:2001,
  author    = {Lions, J.-L. and Maday, Y. and Turinici, G.},
  title     = {R{\'e}solution d'EDP par un sch{\'e}ma en temps {\guillemotleft}parar{\'e}el{\guillemotright}},
  journal   = {Comptes Rendus de l'Acad{\'e}mie des Sciences-Series I-Mathematics},
  year      = {2001},
  volume    = {332},
  number    = {7},
  pages     = {661--668},
  publisher = {Elsevier},
}

@Article{emmett:2012,
  author    = {Emmett, M. and Minion, M.},
  title     = {Toward an efficient parallel in time method for partial differential equations},
  journal   = {Communications in Applied Mathematics and Computational Science},
  year      = {2012},
  volume    = {7},
  number    = {1},
  pages     = {105--132},
  publisher = {Mathematical Sciences Publishers},
}

@Article{lelarasmee:1982,
  author  = {Lelarasmee, E. and Ruehli, A. E. and Sangiovanni-Vincentelli, A. L.},
  title   = {The waveform relaxation method for time-domain analysis of large scale integrated circuits},
  journal = {IEEE Transactions on Computer-Aided Design of Integrated Circuits and Systems},
  year    = {1982},
  volume  = {1},
  number  = {3},
  pages   = {131--145},
  month   = {7},
}

@Article{flynn:1972,
  author    = {Flynn, M. J},
  title     = {Some computer organizations and their effectiveness},
  journal   = {IEEE transactions on computers},
  year      = {1972},
  volume    = {100},
  number    = {9},
  pages     = {948--960},
  publisher = {IEEE},
}

@PhdThesis{kalla:2004,
  author  = {Kalla, H.},
  title   = {G\'en\'eration automatique de distributions/ordonnancements temps r\'eel fiables et tol\'erant les fautes},
  school  = {Institut National Polytechnique de Grenoble},
  year    = {2004},
  address = {Sp\'ecialit\'e Syst\`emes et Logiciel},
}

@Article{berkelaar:2004,
  author  = {Berkelaar, M. and Eikland, K. and Notebaert, P. and others},
  title   = {lpsolve: open source (mixed-integer) linear programming system},
  journal = {Eindhoven University of Technology},
  year    = {2004},
}

@Misc{gurobi:2016,
  author = {Gurobi Optimization, Inc.},
  title  = {Gurobi Optimizer Reference Manual},
  year   = {2016},
  url    = {http://www.gurobi.com},
}

@Article{cplex:2017,
  author  = {CPLEX, IBM ILOG},
  title   = {V12. 7: users manual for CPLEX},
  journal = {International Business Machines Corporation},
  year    = {2017},
}

@Book{lee:2016,
  title     = {Introduction to embedded systems: a cyber-physical systems approach},
  publisher = {MIT Press},
  year      = {2017},
  author    = {Lee, E. A. and Seshia, S. A.},
  edition   = {2},
}

@Book{zeigler:2000,
  title     = {Theory of modeling and simulation: integrating discrete event and continuous complex dynamic systems},
  publisher = {Academic press},
  year      = {2000},
  author    = {Zeigler, B. P. and Praehofer, H. and Kim, T. G.},
}

@Article{harel:1987,
  author    = {Harel, D.},
  title     = {Statecharts: a visual formalism for complex systems},
  journal   = {Science of Computer Programming},
  year      = {1987},
  volume    = {8},
  number    = {3},
  pages     = {231--274},
  publisher = {Elsevier},
}

@Article{petri:1962,
  author = {Petri, C. A.},
  title  = {Kommunikation mit automaten},
  year   = {1962},
}

@Misc{ieee1516:2012,
  author = {IEEE Standards Association and others},
  title  = {1516--2010-IEEE Standard for modeling and simulation (M\&S) High Level Architecture (HLA)},
  year   = {2012},
}

@Article{lamberg:2000,
  author  = {Lamberg, K. and W{\"a}ltermann, P.},
  title   = {Using HIL simulation to test mechatronic components in automotive engineering},
  journal = {dSPACE GmbH, Munich},
  year    = {2000},
  volume  = {15},
  pages   = {16},
}

@InProceedings{sorel:1996,
  author    = {Sorel, Y.},
  title     = {Real-time embedded image processing applications using the algorithm architecture adequation methodology},
  booktitle = {Proceedings of IEEE International Conference on Image Processing, ICIP'96},
  year      = {1996},
  address   = {Lausanne, Switzerland},
  month     = sep,
}

@Article{kofman:2001,
  author    = {Kofman, E. and Junco, S.},
  title     = {Quantized-state systems: a DEVS Approach for continuous system simulation},
  journal   = {Transactions of The Society for Modeling and Simulation International},
  year      = {2001},
  volume    = {18},
  number    = {3},
  pages     = {123--132},
  publisher = {[La Jolla, CA]: The Society, c1984-c2001.},
}

@Book{reinders:2007,
  title     = {Intel threading building blocks: outfitting C++ for multi-core processor parallelism},
  publisher = {" O'Reilly Media, Inc."},
  year      = {2007},
  author    = {Reinders, J.},
}

@Article{belanger:2010,
  author  = {B{\'e}langer, J. and Venne, P. and Paquin, J. N.},
  title   = {The what, where and why of real-time simulation},
  journal = {Planet RT},
  year    = {2010},
  volume  = {1},
  number  = {0},
  pages   = {1},
}

@Book{garey:2002,
  title     = {Computers and intractability},
  publisher = {W. H. Freeman \& Co. New York},
  year      = {2002},
  author    = {Garey, M. R. and Johnson, David S.},
  volume    = {29},
}

@Article{kohler:1975,
  author    = {Kohler, W. H.},
  title     = {A preliminary evaluation of the critical path method for scheduling tasks on multiprocessor systems},
  journal   = {IEEE Transactions on Computers},
  year      = {1975},
  volume    = {100},
  number    = {12},
  pages     = {1235--1238},
  publisher = {IEEE},
}

@Article{faruque:2015,
  author    = {Faruque, M. O. and Strasser, T. and Lauss, G. and Jalili-Marandi, V. and Forsyth, P. and Dufour, C. and Dinavahi, V. and Monti, A. and Kotsampopoulos, P. and Martinez, J. A and others},
  title     = {Real-time simulation technologies for power systems design, testing, and analysis},
  journal   = {IEEE Power and Energy Technology Systems Journal},
  year      = {2015},
  volume    = {2},
  number    = {2},
  pages     = {63--73},
  publisher = {IEEE},
}

@InProceedings{lundvall:2007,
  author       = {Lundvall, H. and Fritzson, P.},
  title        = {Automatic parallelization of object oriented models executed with inline solvers},
  booktitle    = {European Parallel Virtual Machine/Message Passing Interface Users Group Meeting},
  year         = {2007},
  pages        = {365--372},
  organization = {Springer},
}

@PhdThesis{aronsson:2006,
  author  = {Aronsson, P.},
  title   = {Automatic parallelization of equation-based simulation programs},
  school  = {Link\¨{o}ping University},
  year    = {2006},
  address = {Sweden},
  month   = {03},
}

@Article{diaz:2012,
  author    = {Diaz, J. and Munoz-Caro, C. and Nino, A.},
  title     = {A survey of parallel programming models and tools in the multi and many-core era},
  journal   = {IEEE Transactions on Parallel and Distributed Systems},
  year      = {2012},
  volume    = {23},
  number    = {8},
  pages     = {1369--1386},
  publisher = {IEEE},
}

@Article{khaledefficient,
  author = {Ben Khaled-El Feki, A. and Duval, L. and Ben Gaid, M.},
  title  = {Efficient extrapolation for parallel co-simulation of coupled systems (CHOPtrey)},
}

@Article{benkhaled:2017,
  author    = {Ben Khaled-El Feki, A. and Duval, L. and Faure, C. and Simon, D. and Ben Gaid, M.},
  title     = {CHOPtrey: contextual online polynomial extrapolation for enhanced multi-core co-simulation of complex systems},
  journal   = {Simulation},
  year      = {2017},
  volume    = {93},
  number    = {3},
  pages     = {185--200},
  publisher = {SAGE Publications Sage UK: London, England},
}

@InProceedings{benkhaled:2014_context,
  author       = {Ben Khaled, A. and Duval, L. and Ben Ga{\"\i}d, M. and Simon, D.},
  title        = {Context-based polynomial extrapolation and slackened synchronization for fast multi-core simulation using FMI},
  booktitle    = {10th International Modelica Conference},
  year         = {2014},
  pages        = {225--234},
  organization = {Link{\"o}ping University Electronic Press},
}

@InProceedings{galtier:2017_experimenting,
  author    = {Galtier, V. and Ianotto, M. and Caujolle, M. and Corniglion, R. and Tavella, J.-P. and G{\'o}mez, J. {\'E}. and Cabrera, J. J. H. and Reinbold, V. and Kremers, E.},
  title     = {Experimenting with matryoshka co-Simulation: building parallel and hierarchical FMUs},
  booktitle = {12th International Modelica Conference},
  year      = {2017},
}

@InProceedings{lacoursiere:2017,
  author       = {Lacoursi{\`e}re, C. and H{\"a}rdin, T.},
  title        = {FMI go! a simulation runtime environment with a client server architecture over multiple protocols},
  booktitle    = {Proceedings of the 12th International Modelica Conference},
  year         = {2017},
  number       = {132},
  pages        = {653--662},
  address      = {Prague, Czech Republic},
  month        = may,
  organization = {Link{\"o}ping University Electronic Press},
}

@Misc{modelica:2017,
  author = {Modelica Association},
  title  = {The Modelica Language Specification Version 3.4},
  year   = {2017},
}

@Article{leung:1982,
  author    = {Leung, J. Y.-T. and Whitehead, J.},
  title     = {On the complexity of fixed-priority scheduling of periodic, real-time tasks},
  journal   = {Performance evaluation},
  year      = {1982},
  volume    = {2},
  number    = {4},
  pages     = {237--250},
  publisher = {Elsevier},
}

@Article{liu:1973,
  author    = {Liu, C. L. and Layland, J. W.},
  title     = {Scheduling algorithms for multiprogramming in a hard-real-time environment},
  journal   = {Journal of the ACM (JACM)},
  year      = {1973},
  volume    = {20},
  number    = {1},
  pages     = {46--61},
  publisher = {ACM},
}

@Book{mok1978multiprocessor,
  title     = {Multiprocessor scheduling in a hard real-time environment},
  publisher = {Domain Specific Systems Group [Massachusetts Institute of Technology]},
  year      = {1978},
  author    = {Mok, A. K.-L. and Dertouzos, M. L},
}

@PhdThesis{mok:1983,
  author  = {Mok, A.},
  title   = {Fundamental design problems of distributed systems for the hard real-time environment},
  school  = {Massachusetts Institute of Technology},
  year    = {1983},
  address = {Cambridge, MA, USA},
  month   = may,
}

@InProceedings{andersson:2000,
  author       = {Andersson, B. and Jonsson, J.},
  title        = {Fixed-priority preemptive multiprocessor scheduling: to partition or not to partition},
  booktitle    = {Real-Time Computing Systems and Applications, 2000. Proceedings. Seventh International Conference on},
  year         = {2000},
  pages        = {337--346},
  organization = {IEEE},
}

@Article{coffman:1978,
  author    = {Coffman, Jr., E. G. and Garey, M. R. and Johnson, D. S.},
  title     = {An application of bin-packing to multiprocessor scheduling},
  journal   = {SIAM Journal on Computing},
  year      = {1978},
  volume    = {7},
  number    = {1},
  pages     = {1--17},
  publisher = {SIAM},
}

@Article{balas:1969,
  author    = {Balas, E.},
  title     = {Machine sequencing via disjunctive graphs: an implicit enumeration algorithm},
  journal   = {Operations research},
  year      = {1969},
  volume    = {17},
  number    = {6},
  pages     = {941--957},
  publisher = {INFORMS},
}

@Book{jensen:2011,
  title     = {Graph coloring problems},
  publisher = {John Wiley \& Sons},
  year      = {2011},
  author    = {Jensen, T. R. and Toft, B.},
  volume    = {39},
}

@Article{barbosa:1999,
  author    = {Barbosa, V. C. and Szwarcfiter, J. L.},
  title     = {Generating all the acyclic orientations of an undirected graph},
  journal   = {Information Processing Letters},
  year      = {1999},
  volume    = {72},
  number    = {1-2},
  pages     = {71--74},
  publisher = {Elsevier},
}

@Article{benveniste:2003,
  author    = {Benveniste, A. and Caspi, P. and Edwards, S. A. and Halbwachs, N. and Le Guernic, P. and De Simone, R.},
  title     = {The synchronous languages 12 years later},
  journal   = {Proceedings of the IEEE},
  year      = {2003},
  volume    = {91},
  number    = {1},
  pages     = {64--83},
  publisher = {IEEE},
}

@Article{benveniste:1991synchronous,
  author    = {Benveniste, A. and Berry, G.},
  title     = {The synchronous approach to reactive and real-time systems},
  journal   = {Proceedings of the IEEE},
  year      = {1991},
  volume    = {79},
  number    = {9},
  pages     = {1270--1282},
  publisher = {IEEE},
}

@Article{chetto:1990,
  author    = {Chetto, H. and Silly, M. and Bouchentouf, T.},
  title     = {Dynamic scheduling of real-time tasks under precedence constraints},
  journal   = {Real-Time Systems},
  year      = {1990},
  volume    = {2},
  number    = {3},
  pages     = {181--194},
  publisher = {Springer},
}

@Article{grolleau:2013,
  author  = {Grolleau, E. and Goossens, J. and Cucu-Grosjean, L.},
  title   = {On the periodic behavior of real-time schedulers on identical multiprocessor platforms},
  journal = {arXiv preprint arXiv:1305.3849},
  year    = {2013},
}

@Article{choquet:2004,
  author    = {Choquet-Geniet, A. and Grolleau, E.},
  title     = {Minimal schedulability interval for real-time systems of periodic tasks with offsets},
  journal   = {Theoretical Computer Science},
  year      = {2004},
  volume    = {310},
  number    = {1-3},
  pages     = {117--134},
  publisher = {Elsevier},
}

@InProceedings{cucu:2006,
  author       = {Cucu, L. and Goossens, J.},
  title        = {Feasibility intervals for fixed-priority real-time scheduling on uniform multiprocessors},
  booktitle    = {Emerging Technologies and Factory Automation, ETFA'06},
  year         = {2006},
  pages        = {397--404},
  organization = {IEEE},
}

@InProceedings{cucu:2007,
  author       = {Cucu, L. and Goossens, J.},
  title        = {Feasibility intervals for multiprocessor fixed-priority scheduling of arbitrary deadline periodic systems},
  booktitle    = {Design, Automation \& Test in Europe Conference \& Exhibition, 2007, DATE'07},
  year         = {2007},
  pages        = {1--6},
  organization = {IEEE},
}

@Article{dave:1999,
  author    = {Dave, B. P. and Lakshminarayana, G. and Jha, N. K.},
  title     = {COSYN: hardware-software co-synthesis of heterogeneous distributed embedded systems},
  journal   = {IEEE Transactions on Very Large Scale Integration (VLSI) Systems},
  year      = {1999},
  volume    = {7},
  number    = {1},
  pages     = {92--104},
  publisher = {IEEE},
}

@InCollection{karp:1972,
  author    = {Karp, R. M.},
  title     = {Reducibility among combinatorial problems},
  booktitle = {Complexity of Computer Computations},
  publisher = {Springer},
  year      = {1972},
  pages     = {85--103},
}

@Comment{jabref-meta: databaseType:bibtex;}
